@techreport{limajr2019,
    author    = {Sergio de N. R. Lima Júnior},
    title     = {Desenvolvimento e análise de protótipos para a aquisição de sinais mioelétrico de superfície},
    institution = {Universidade Federal do Pará},
    type     = {Trabalho de conclusão de curso. Curso de Engenharia de Telecomunicações}, 
    %?_number   = "",
    %?_address  = "",
    year      = {2019},
    ?_month    = "",
    ?_note     = "",
}

@article{BUTTERWORTH,
  %entrysubtype = {newspaper},
  %langid = {english},
  %location = {{Londres}},
  title = {On the theory of filter amplifiers},
  journal = {Experimental Wireless and the Wireless Engineer},
  volume = {7},
  year	 = {1930},
  author = {Butterworth, S.},
  pages = {536 -- 541},
}

@article{DELUCA1997,
  entrysubtype = {newspaper},
  langid = {english},
  title = {The Use of Surface Electromyography in Biomechanics},
  url = {https://www.delsys.com/downloads/TUTORIAL/the-use-of-semg-in-biomechanics.pdf},
  journaltitle = {The use of surface electromyography in biomechan- ics},
  date = {1997},
  pages = {135-163},
  author = {De Luca, Carlos J.}
}

@misc{DELUCA2002,
  langid = {english},
  title = {Surface Electromiography: Detection and Recording},
  url = {https://www.delsys.com/downloads/TUTORIAL/semg-detection-and-recording.pdf},
  publisher = {{Delsys Incorporated}},
  date = {2002},
  author = {De Luca, Carlos J.}
}

@misc{INSTRUMENTS2013,
  langid = {Inglês},
  title = {Precision Full-Wave Rectifier, Dual-Supply},
  url = {http://www.ti.com/lit/ug/tidu030/tidu030.pdf},
  urldate = {2019-06-19},
  date = {2013},
  author = {Instruments, Texas}
}

@misc{TECHNOLOGIES2013,
  langid = {english},
  title = {Schematic {{Muscle Sensor V3}}},
  url = {http://www.advancertechnologies.com/p/muscle-sensor-v3.html},
  urldate = {2019-06-19},
  date = {2013},
  author = {Technologies, Advancer}
}

@misc{DEVICES2013,
  langid = {english},
  title = {Full {{Wave Rectifier}}},
  url = {https://www.analog.com/media/en/training-seminars/tutorials/MT-211.pdf},
  urldate = {2019-06-26},
  date = {2013},
  author = {Devices, Analog}
}

@misc{INSTRUMENTS2017,
  langid = {english},
  title = {{{TL07xx Low}}-{{Noise JFET}}-{{Input Operational Amplifiers}}},
  url = {http://www.ti.com/lit/ds/symlink/tl074.pdf},
  urldate = {2019-07-31},
  date = {2017-07},
  author = {Instruments, Texas}
}

@misc{MICROELETRONICS2017,
  langid = {english},
  title = {Negative Voltage Regulators},
  url = {https://www.st.com/resource/en/datasheet/l79l.pdf},
  urldate = {2019-07-31},
  date = {2017-12},
  author = {Microeletronics, ST}
}

@misc{DEVICES2018,
  title = {Single and {{Dual}}-{{Supply}}, {{Rail}}-to-{{Rail}}, {{Low Cost Instrumentation Amplifier}}},
  url = {https://www.analog.com/media/en/technical-documentation/data-sheets/AD623.pdf},
  urldate = {2019-07-31},
  date = {2018},
  author = {Devices, Analog}
}

@misc{BEHRINGER2019,
  title = {U-{{CONTROL UCA202}}},
  url = {https://media63.music-group.com/media/sys_master/h64/he3/8849778311198.pdf},
  urldate = {2019-08-05},
  date = {2019},
  author = {Behringer}
}

@misc{VISHAY2017,
  title = {Small {{Signal Fast Switching Diodes}}},
  url = {https://www.vishay.com/docs/81857/1n4148.pdf},
  urldate = {2019-08-07},
  date = {2017-07-06},
  author = {Vishay}
}

@book{MEDVED2001,
  langid = {english},
  title = {Measurement of Human Locomotion},
  date = {2001},
  author = {Medved, Vladmir}
}

@article{CRAM2004,
  entrysubtype = {newspaper},
  langid = {english},
  title = {The History of Muscle Dysfunction and {{SEMG}}},
  date = {2004-02-28},
  author = {Cram, J. V. and Durie, M. D.}
}

@book{BELTRAMINI1999,
  langid = {portuguese},
  title = {Elementos de Histologia e Anatomo-fisiologia Humana},
  url = {http://biologia.ifqsc.sc.usp.br/cap5/MU},
  date = {1999},
  author = {Beltramini, Leila Maria}
}

@thesis{ORTOLAN2002,
  langid = {portuguese},
  title = {Estudo e Avaliação de Técnicas de Processamento do Sinal Mioelétrico para o Controle de Sistemas de Reabilitação},
  date = {2002},
  author = {Ortolan, Rodrigo Lício}
}

@misc{DELSYS2003,
  langid = {english},
  title = {Fundamental {{Concepts}} in {{EMG Signal Acquisition}}},
  url = {https://www.delsys.com/downloads/TUTORIAL/fundamental-concepts-in-emg-signal-acquisition.pdf},
  urldate = {2019-08-12},
  date = {2003},
  author = {DelSys, Copyright}
}

@software{MAZZONI2018,
  title = {Audacity},
  url = {https://www.audacityteam.org},
  version = {2.2.2},
  date = {2018-02},
  author = {Mazzoni, Dominic and Dannenberg, Roger}
}

@book{LATHI2007,
  langid = {portuguese},
  title = {Sinais e Sistemas Lineares},
  edition = {2},
  date = {2007},
  author = {Lathi, B. P.}
}

@book{GUYTON1988,
  langid = {english},
  title = {Text {{Book}} of {{Medical Physiology}}},
  edition = {11},
  date = {1988},
  author = {Guyton, Artur and Hall, John}
}

@thesis{FERREIRA2017,
  langid = {portuguese},
  title = {Estudo e Avaliação de Técnicas de Processamento de Sinal Mioelétrico para o Controle de Sistemas de Reabilitação},
  date = {2017},
  author = {Ferreira, Charles Lobão}
}

@book{DELUCA1985,
  langid = {english},
  title = {Muscle {{Alive}}},
  date = {1985},
  author = {De Luca, Carlos J. and Basmajian, John V.}
}

@online{ELETRONICS2019,
  title = {Eletronics {{Tutorials}}},
  url = {https://www.electronics-tutorials.ws},
  date = {2019},
  author = {Eletronics, Tutorials}
}

@online{MIOTEC2019,
  langid = {portuguese},
  title = {Eletromiografia: conheça melhor o procedimento e sua função},
  url = {https://blog.miotec.com.br/eletromiografia-procedimento-e-funcao/},
  urldate = {2019-08-16},
  date = {2019},
  author = {Miotec}
}

@misc{KANDEL2019,
  langid = {portuguese},
  title = {Eletrodos de Agulha Monopolar Technomed},
  url = {https://kandel.com.br/static/media/uploads/product/trocar_tec.png},
  date = {2019},
  author = {Kandel},
  note = {Imagem de eletrodo EMG invasivo.}
}

@misc{TRABALHOSPARAESCOLA2019,
  title = {O Que é a Unidade Motora?},
  url = {https://pt.carolchanning.net/images/zdorove/dvigatelnaya-edinica-chto-eto_3.jpg},
  date = {2019},
  author = {Trabalhos Para Escola},
  note = {Imagem da Unidade Motora}
}

@misc{WIKIMEDIA2014,
  url = {https://upload.wikimedia.org/wikipedia/commons/5/55/Sciatic_nerve%2C_Galvani_Wellcome_M0012614.jpg},
  date = {2014},
  author = {Wikimedia},
  note = {Imagem do Experimento de Galvani}
}

@thesis{ORTOLAN2007,
  title = {Esforço Do {{Ombro}} Na {{Locomoção}} de {{Pacientes Paraplégicos}}: {{Avaliação Cinética}} e {{Eletromiográfica}}.},
  institution = {{Universidade de São Paulo}},
  date = {2007},
  author = {Ortolan, Rodrigo Lício}
}

@online{FARREL2016,
  langid = {english},
  title = {Brain {{Muscle Connection}}},
  url = {http://www.jfpersonalfitness.com/wp-content/uploads/2017/05/Motor-Neuron-Blog.png},
  urldate = {2019-08-20},
  date = {2016},
  author = {Farrel, Jaime},
  note = {Figura da Unidade Motora}
}


